@misc{Dataset,
  title        = {Cardiovascular Disease Dataset},
  year         = {2021},
  howpublished = {\url{https://www.kaggle.com/datasets/jocelyndumlao/cardiovascular-disease-dataset/data}}
}
@misc{Kaggle,
  title           = {Kaggle},
  organization    = {Wikipedia},
  howpublished    = {\url{https://en.wikipedia.org/wiki/Kaggle}}
}
@article{STSegmentChanges,
  author          = {Yoke Ching Lim & Swee-Guan Teo & Kian-Keong Poh},
  journal         = {PubMed},
  title           = {ST-segment changes with exercise stress},
  year            = {2016},
  howpublished    = {\url{https://www.ncbi.nlm.nih.gov/pmc/articles/PMC4958709/}}
}
@article{STSlopePredictor,
  author          = {M. KARDASH & M. S. ELAMIN & D. A. S. G. MARY & W. WHITAKER & D. R. SMITH & R. BOYLE & J. B. STOKER & R. J. LINDEN},
  journal         = {European Heart Journal},
  number          = {Volume 3, Issue 5},
  title           = {The slope of ST segment/heart rate relationship during exercise in the prediction of severity of coronary artery disease},
  year            = {1982},
  howpublished    = {\url{https://academic.oup.com/eurheartj/article-abstract/3/5/449/424605?redirectedFrom=fulltext}}
}
@article{STSlopePredictorComparison,
  author          = {R S Finkelhor & K E Newhouse & T R Vrobel & S D Miron & R C Bahler},
  journal         = {PubMed},
  title           = {The ST segment/heart rate slope as a predictor of coronary artery disease: comparison with quantitative thallium imaging and conventional ST segment criteria},
  year            = {1986},
  howpublished    = {\url{https://pubmed.ncbi.nlm.nih.gov/3739881/}}
}
@misc{HeartDiseaseDataset,
  howpublished = {\url{https://archive.ics.uci.edu/dataset/45/heart+disease}},
  title        = {Heart Disease Dataset},
}
@article{GenderBiasCardiovascularResearch,
  author          = {Carolina Rau Steuernagel &  Carolyn S P Lam & Trisha Greenhalgh},
  journal         = {BMJ},
  number          = {382},
  title           = {Countering sex and gender bias in cardiovascular research requires more than equal recruitment and sex disaggregated analyses},
  year            = {2023},
  howpublished    = {\url{https://www.bmj.com/content/382/bmj-2023-075031}}
}
@article{Fluoroscopy,
  author          = {Lorraine Lok Wing Chiang & Christien Li},
  journal         = {Clin Cardiol},
  number          = {6},
  title           = {The use of minimal fluoroscopy for cardiac electrophysiology procedures: A meta‚Äêanalysis and review of the literature},
  volume          = {44},
  year            = {2021},
  howpublished    = {\url{https://www.ncbi.nlm.nih.gov/pmc/articles/PMC8207968/}}
}